=LDR  01980nam a2200349 i 4500
=001  023331790
=003  UkOxU
=005  20230605102703.0
=008  230418t20221966enkb\\\\\\\\\\001|1\eng\d
=020  \\$a9780008537807$qset$qpaperback
=041  \\$aeng
=082  04$a823.9$223
=100  1\$aTolkien, J. R. R.$q(John Ronald Reuel),$d1892-1973,$eauthor.$1http://viaf.org/viaf/95218067$4http://rdaregistry.info/Elements/w/object/P10061
=240  10$aLord of the rings$kNovel$1http://www.wikidata.org/entity/Q15228
=245  14$aThe lord of the rings /$cJ.R.R. Tolkien.
=264  \1$aLondon :$bHarperCollinsPublishers,$c2022.
=264  \4$c©1966
=300  \\$a3 volumes :$bmaps ;$c20 cm
=336  \\$atext$2rdacontent$0http://rdaregistry.info/termList/RDAContentType/1020
=337  \\$aunmediated$2rdamedia$0http://rdaregistry.info/termList/RDAMediaType/1007
=338  \\$avolume$2rdacarrier$0http://rdaregistry.info/termList/RDACarrierType/1049
=380  \\$aLanguage-based work$2rdacarrier$0https://schema.nb.no/Bibliographic/Values/V1000
=500  \\$aIncludes index.
=500  \\$aIssued in slip case.
=500  \\$a"A new legend begins : The Rings of Power, prime video"
=500  \\$aThis paperback edition is based on the reset edition first published 2014, which is a revised version of the reset edition first published 2004.
=500  \\$aFirst published by HarperCollinsPublishers in 1991.
=500  \\$aFirst published in Great Britain by George Allen & Unwin 1954, second edition 1966.
=505  0\$aThe fellowship of the ring -- The two towers -- The return of the king.
=700  12$aTolkien, J. R. R.$q(John Ronald Reuel),$d1892-1973.$kNovel$tFellowship of the ring$1http://www.wikidata.org/entity/Q208002
=700  12$aTolkien, J. R. R.$q(John Ronald Reuel),$d1892-1973.$kNovel$tTwo towers$1http://www.wikidata.org/entity/Q332388
=700  12$aTolkien, J. R. R.$q(John Ronald Reuel),$d1892-1973.$kNovel$tReturn of the king$1http://www.wikidata.org/entity/Q332581

