=LDR  01499nam a2200277 a 4500
=001  010273140
=003  UkOxU
=005  19960621123517.0
=008  890607r19881968enkbj\\\\\\\\\000\1\eng\d
=020  \\$a0044403054
=041  \\$aeng
=082  \\$a823.914$dF$219
=092  \\$aD0400609435
=100  1\$aTolkien, J. R. R.$q(John Ronald Reuel),$d1892-1973.$1http://viaf.org/viaf/95218067$4http://rdaregistry.info/Elements/w/object/P10061
=240  \\$aLord of the rings$kNovel$1http://www.wikidata.org/entity/Q15228
=245  14$aThe Lord of the rings /$cJ.R.R. Tolkien
=260  \\$aLondon :$bUnwin Hyman,$c1988
=300  \\$a1193 p ;$c23 cm
=336  \\$atext$2rdacontent$0http://rdaregistry.info/termList/RDAContentType/1020
=337  \\$aunmediated$2rdamedia$0http://rdaregistry.info/termList/RDAMediaType/1007
=338  \\$avolume$2rdacarrier$0http://rdaregistry.info/termList/RDACarrierType/1049
=380  \\$aLanguage-based work$2rdacarrier$0https://schema.nb.no/Bibliographic/Values/V1000
=500  \\$aContents: Part 1. The fellowship of the ring - Part 2. The two towers - Part 3. The return of the king.
=700  12$aTolkien, J. R. R.$q(John Ronald Reuel),$d1892-1973.$kNovel$tFellowship of the ring$1http://www.wikidata.org/entity/Q208002
=700  12$aTolkien, J. R. R.$q(John Ronald Reuel),$d1892-1973.$kNovel$tTwo towers$1http://www.wikidata.org/entity/Q332388
=700  12$aTolkien, J. R. R.$q(John Ronald Reuel),$d1892-1973.$kNovel$tReturn of the king$1http://www.wikidata.org/entity/Q332581

