=LDR  01615cam a2200289 a 4500
=001  010490845
=003  UkOxU
=005  20040309135639.0
=008  910822s1991\\\\enkabj\\\\\\\\000\1\eng\d
=020  \\$a0261102303
=041  \\$aeng
=082  \\$a823.912$220
=092  \\$aD0400978175
=100  1\$aTolkien, J. R. R.$q(John Ronald Reuel),$d1892-1973.$1http://viaf.org/viaf/95218067$4http://rdaregistry.info/Elements/w/object/P10061
=240  \\$aLord of the rings$kNovel$1http://www.wikidata.org/entity/Q15228
=245  14$aThe Lord of the rings /$cJ.R.R. Tolkien ; illustrated by Alan Lee.
=260  \\$aLondon :$bHarper Collins,$c1991.
=300  \\$a1193 p., [50] leaves of plates :$bill. (some col.), geneal. tables, maps ;$c26 cm.
=336  \\$atext$2rdacontent$0http://rdaregistry.info/termList/RDAContentType/1020
=337  \\$aunmediated$2rdamedia$0http://rdaregistry.info/termList/RDAMediaType/1007
=338  \\$avolume$2rdacarrier$0http://rdaregistry.info/termList/RDACarrierType/1049
=380  \\$aLanguage-based work$2rdacarrier$0https://schema.nb.no/Bibliographic/Values/V1000
=504  \\$aIncludes index.
=700  12$aTolkien, J. R. R.$q(John Ronald Reuel),$d1892-1973.$kNovel$tFellowship of the ring$1http://www.wikidata.org/entity/Q208002
=700  12$aTolkien, J. R. R.$q(John Ronald Reuel),$d1892-1973.$kNovel$tTwo towers$1http://www.wikidata.org/entity/Q332388
=700  12$aTolkien, J. R. R.$q(John Ronald Reuel),$d1892-1973.$kNovel$tReturn of the king$1http://www.wikidata.org/entity/Q332581
=700  1\$aLee, Alan.$1http://viaf.org/viaf/112458453$4http://rdaregistry.info/Elements/m/object/P30321

