=LDR  02024cam a2200349 i 4500
=001  021051948
=003  UkOxU
=005  20180123094207.0
=008  170621s2017\\\\enkab\\\\\\\\\000|f\eng\d
=016  7\$a018457948$2Uk
=020  \\$a9780008260187$qset
=041  \\$aeng
=082  04$a823.912$223
=100  1\$aTolkien, J. R. R.$q(John Ronald Reuel),$d1892-1973,$1http://viaf.org/viaf/95218067$4http://rdaregistry.info/Elements/w/object/P10061$81/c
=240  02$aThe Hobbit ; Lord of the rings$kCollection$1http://www.wikidata.org/entity/Q15228/extended$81/c
=740  02$aThe Hobbit ; Lord of the rings$81/c
=245  14$aThe hobbit ; The lord of the rings /$cJ.R.R. Tolkien.
=264  \1$aLondon :$bHarperCollinsPublishers,$c2017.
=264  \4$c©2017.
=300  \\$a4 volumes :$billustrations (some colour), maps ;$c16 cm
=336  \\$atext$2rdacontent$0http://rdaregistry.info/termList/RDAContentType/1020
=337  \\$aunmediated$2rdamedia$0http://rdaregistry.info/termList/RDAMediaType/1007
=338  \\$avolume$2rdacarrier$0http://rdaregistry.info/termList/RDACarrierType/1049
=380  \\$aLanguage-based work$2rdacarrier$0https://schema.nb.no/Bibliographic/Values/V1000
=500  \\$aTitle from slip case.
=500  \\$aIssued in slip case.
=505  0\$aThe hobbit, or there and back again -- The fellowship of the ring -- The two towers -- The return of the king
=700  12$aTolkien, J. R. R.$q(John Ronald Reuel),$d1892-1973.$tThe hobbit, or there and back again$1http://www.wikidata.org/entity/Q74287
=700  12$aTolkien, J. R. R.$q(John Ronald Reuel),$d1892-1973.$tFellowship of the ring.$1http://www.wikidata.org/entity/Q208002
=700  12$aTolkien, J. R. R.$q(John Ronald Reuel),$d1892-1973.$tTwo towers$1http://www.wikidata.org/entity/Q332388
=700  12$aTolkien, J. R. R.$q(John Ronald Reuel),$d1892-1973.$tReturn of the king$1http://www.wikidata.org/entity/Q332581
=700  12$aTolkien, J. R. R.$q(John Ronald Reuel),$d1892-1973.$tLord of the rings$kNovel$1http://www.wikidata.org/entity/Q15228

