=LDR  02009nam a2200325 i 4500
=001  019629613
=003  UkOxU
=005  20140219114623.0
=008  130612s2013\\\\enka\\\\\\\\\\000\1\eng\d
=020  \\$a9780007522934$qset$c£59.99
=100  1\$aTolkien, J. R. R.$q(John Ronald Reuel),$d1892-1973,$eauthor.$1http://viaf.org/viaf/95218067$4http://rdaregistry.info/Elements/w/object/P10061
=041  \\$aeng
=240  02$aThe Hobbit ; Lord of the rings$kCollection$1http://www.wikidata.org/entity/Q15228/extended
=245  14$aThe Hobbit ; The fellowship of the ring ; The two towers ; [and] The return of the king [box set] /$cJ.R.R. Tolkien.
=250  \\$aCollector's edition.
=264  \1$aLondon :$bHarperCollinsPublishers,$c2013.
=300  \\$a4 volumes :$billustrations ;$c23 cm
=336  \\$atext$2rdacontent$0http://rdaregistry.info/termList/RDAContentType/1020
=337  \\$aunmediated$2rdamedia$0http://rdaregistry.info/termList/RDAMediaType/1007
=338  \\$avolume$2rdacarrier$0http://rdaregistry.info/termList/RDACarrierType/1049
=380  \\$aLanguage-based work$2rdacarrier$0https://schema.nb.no/Bibliographic/Values/V1000
=500  \\$aIn case.
=505  0\$aThe hobbit, or there and back again -- The fellowship of the ring -- The two towers -- The return of the king
=600  10$aBaggins, Bilbo$vFiction.
=600  10$aBaggins, Frodo$vFiction.
=700  12$aTolkien, J. R. R.$q(John Ronald Reuel),$d1892-1973.$tThe hobbit, or there and back again$1http://www.wikidata.org/entity/Q74287
=700  12$aTolkien, J. R. R.$q(John Ronald Reuel),$d1892-1973.$tFellowship of the ring$1http://www.wikidata.org/entity/Q208002
=700  12$aTolkien, J. R. R.$q(John Ronald Reuel),$d1892-1973.$tTwo towers$1http://www.wikidata.org/entity/Q332388
=700  12$aTolkien, J. R. R.$q(John Ronald Reuel),$d1892-1973.$tReturn of the king$1http://www.wikidata.org/entity/Q332581
=700  12$aTolkien, J. R. R.$q(John Ronald Reuel),$d1892-1973.$tLord of the rings$kNovel$1http://www.wikidata.org/entity/Q15228

