=LDR  02114nam a2200361 i 4500
=001  019926782
=003  UkOxU
=005  20141209111247.0
=008  140210s2014\\\\enkab\\\\\\\\\001\1\eng\d
=020  \\$a9780007581146$qset$qhardback
=041  \\$aeng
=082  04$a823.912$223
=100  1\$aTolkien, J. R. R.$q(John Ronald Reuel),$d1892-1973,$eauthor.$1http://viaf.org/viaf/95218067$4http://rdaregistry.info/Elements/w/object/P10061$82/c
=240  02$aLord of the rings$kCollection$1http://www.wikidata.org/entity/Q15228/companioned$82/c
=740  00$aLord of the rings$82/c
=245  14$aThe lord of the rings [boxed set] /$cJ.R.R. Tolkien.
=250  \\$a60th anniversary edition.
=264  \1$aLondon :$bHarperCollinsPublishers,$c2014.
=300  \\$a4 volumes :$billustrations (some colour), maps ;$c24 cm
=336  \\$atext$2rdacontent$0http://rdaregistry.info/termList/RDAContentType/1020
=337  \\$aunmediated$2rdamedia$0http://rdaregistry.info/termList/RDAMediaType/1007
=338  \\$avolume$2rdacarrier$0http://rdaregistry.info/termList/RDACarrierType/1049
=380  \\$aLanguage-based work$2rdacarrier$0https://schema.nb.no/Bibliographic/Values/V1000
=500  \\$aIn case.
=500  \\$aVolumes also issued separately.
=500  \\$aSet ISBN from plastic wrapper.
=500  \\$aIncludes index.
=505  0\$aThe fellowship of the ring -- The two towers -- The return of the king -- Lord of the rings : a reader's companion / by Wayne G. Hammond and Christina Scull.
=700  12$aTolkien, J. R. R.$q(John Ronald Reuel),$d1892-1973.$tFellowship of the ring$1http://www.wikidata.org/entity/Q208002
=700  12$aTolkien, J. R. R.$q(John Ronald Reuel),$d1892-1973.$tTwo towers$1http://www.wikidata.org/entity/Q332388
=700  12$aTolkien, J. R. R.$q(John Ronald Reuel),$d1892-1973.$tReturn of the king$1http://www.wikidata.org/entity/Q332581
=700  12$aHammond, Wayne G.$tLord of the rings : a reader's companion.$81/c$1http://viaf.org/viaf/9014152502908610800009
=700  12$aTolkien, J. R. R.$q(John Ronald Reuel),$d1892-1973.$tLord of the rings$kNovel$1http://www.wikidata.org/entity/Q15228

