=LDR  01567nam a2200277 a 4500
=001  016027832
=003  UkOxU
=005  20070511140847.0
=008  050425s2005\\\\enk\\\\e\\\\\\001\0\eng\\
=020  \\$a000720308X (hbk.) :$c£18.99
=020  \\$a000720907X (pbk.) :$c£7.99
=041  \\$aeng
=082  04$a823.912$222
=100  1\$aHammond, Wayne G.$1http://viaf.org/viaf/59153962$4http://rdaregistry.info/Elements/w/object/P10061
=240  \\$aLord of the rings : a reader's companion$kNon-fiction$1http://viaf.org/viaf/9014152502908610800009
=245  14$aThe Lord of the rings :$ba reader's companion /$cby Wayne G. Hammond and Christina Scull.
=260  \\$aLondon :$bHarperCollins,$c2005.
=300  \\$alxxxii, 894 p. ;$c23 cm.
=336  \\$atext$2rdacontent$0http://rdaregistry.info/termList/RDAContentType/1020
=337  \\$aunmediated$2rdamedia$0http://rdaregistry.info/termList/RDAMediaType/1007
=338  \\$avolume$2rdacarrier$0http://rdaregistry.info/termList/RDACarrierType/1049
=380  \\$aLanguage-based work$2rdacarrier$0https://schema.nb.no/Bibliographic/Values/V1000
=504  \\$aIncludes bibliographical references (p. [813]-829) and index.
=600  10$aTolkien, J. R. R.$q(John Ronald Reuel),$d1892-1973.$tLord of the rings$1http://www.wikidata.org/entity/Q15228
=600  10$aTolkien, J. R. R.$q(John Ronald Reuel),$d1892-1973.$tLord of the rings$1http://www.wikidata.org/entity/Q15228$4http://rdaregistry.info/Elements/w/object/P10150
=700  1\$aScull, Christina.$1http://viaf.org/viaf/54260077$4http://rdaregistry.info/Elements/w/object/P10061

