=LDR  01521cam a2200289 i 4500
=001  019862727
=003  UkOxU
=005  20141222222308.0
=008  130926t20142014enka\\\\\b\\\\001\0\eng\d
=020  \\$a9780007556908 (hbk.) :$c£25.00
=041  \\$aeng
=082  04$a823.912$223
=100  1\$aHammond, Wayne G.,$eauthor.$1http://viaf.org/viaf/59153962$4http://rdaregistry.info/Elements/w/object/P10061
=240  \\$aLord of the rings : a reader's companion$kNon-fiction$1http://viaf.org/viaf/9014152502908610800009$81/c
=740  \\$aLord of the rings : a reader's companion$81/c
=245  14$aThe Lord of the rings :$ba reader's companion /$cby Wayne G. Hammond and Christina Scull.
=264  \1$aLondon :$bHarperCollinsPublishers,$c2014.
=264  \4$c©2014
=300  \\$alxxxii, 894 pages :$billustrations (colour) ;$c23 cm
=336  \\$atext$2rdacontent$0http://rdaregistry.info/termList/RDAContentType/1020
=337  \\$aunmediated$2rdamedia$0http://rdaregistry.info/termList/RDAMediaType/1007
=338  \\$avolume$2rdacarrier$0http://rdaregistry.info/termList/RDACarrierType/1049
=380  \\$aLanguage-based work$2rdacarrier$0https://schema.nb.no/Bibliographic/Values/V1000
=500  \\$aFirst published: 2005.
=504  \\$aIncludes bibliographical references and index.
=600  10$aTolkien, J. R. R.$q(John Ronald Reuel),$d1892-1973.$tLord of the rings$1http://www.wikidata.org/entity/Q15228
=700  1\$aScull, Christina,$eauthor.$1http://viaf.org/viaf/54260077$4http://rdaregistry.info/Elements/w/object/P10061

