=LDR  01155nam a2200229 a 4500
=001  013161843
=003  UkOxU
=005  20080516142400.0
=008  901114s1954\\\\enka\\\\\\\\\\000\1\eng\d
=041  \\$aeng
=100  1\$aTolkien, J. R. R.$q(John Ronald Reuel),$d1892-1973.$1http://viaf.org/viaf/95218067$4http://rdaregistry.info/Elements/w/object/P10061
=240  14$aFellowship of the ring$1http://www.wikidata.org/entity/Q208002$81/c
=740  1\$aFellowship of the ring$81/c
=245  14$aThe fellowship of the ring :$bbeing the first part of The Lord of the Rings /$cby J. R. R. Tolkien.
=260  \\$aOxford :$bGeorge Allen & Unwin,$c1954.
=300  \\$a423 p.,$bill. ;$c23 cm.
=336  \\$atext$2rdacontent$0http://rdaregistry.info/termList/RDAContentType/1020
=337  \\$aunmediated$2rdamedia$0http://rdaregistry.info/termList/RDAMediaType/1007
=338  \\$avolume$2rdacarrier$0http://rdaregistry.info/termList/RDACarrierType/1049
=380  \\$aLanguage-based work$2rdacarrier$0https://schema.nb.no/Bibliographic/Values/V1000
=490  1\$aThe Lord of the rings ;$v1
=800  1\$aTolkien, J. R. R.$q(John Ronald Reuel),$d1892-1973.$tLord of the rings$vv. 1.

