=LDR  01232nam a2200265 i 4500
=001  010109954
=003  UkOxU
=005  20130826105212.0
=008  880808s1966\\\\enkb\\\\\\\\\\000\0\eng\d
=041  \\$aeng
=092  \\$aD0400253934
=100  1\$aTolkien, J. R. R.$q(John Ronald Reuel),$d1892-1973,$eauthor.$1http://viaf.org/viaf/95218067$4http://rdaregistry.info/Elements/w/object/P10061
=240  14$aFellowship of the ring$1http://www.wikidata.org/entity/Q208002$81/c
=740  \\$aFellowship of the ring$81/c
=245  14$aThe fellowship of the ring :$bbeing the first part of The Lord of the Rings.
=250  \\$a2nd edition
=264  \1$aLondon :$bGeorge Allen & Unwin,$c1966.
=264  \4$c©1966
=300  \\$a423 pages :$bmaps ;$c23 cm.
=336  \\$atext$2rdacontent$0http://rdaregistry.info/termList/RDAContentType/1020
=337  \\$aunmediated$2rdamedia$0http://rdaregistry.info/termList/RDAMediaType/1007
=338  \\$avolume$2rdacarrier$0http://rdaregistry.info/termList/RDACarrierType/1049
=380  \\$aLanguage-based work$2rdacarrier$0https://schema.nb.no/Bibliographic/Values/V1000
=490  1\$aThe Lord of the rings ;$vv. 1.
=800  1\$aTolkien, J. R. R.$q(John Ronald Reuel),$d1892-1973.$tThe Lord of the Rings$vv. 1.

