=LDR  01309nam a2200277 a 4500
=001  010289727
=003  UkOxU
=005  20130723092101.0
=008  900702s1966\\\\enka\\\\\\\\\\000\1\eng\d
=020  \\$a0048230464
=041  \\$aeng
=092  \\$aD0400625022
=100  1\$aTolkien, J. R. R.$q(John Ronald Reuel),$d1892-1973.$1http://viaf.org/viaf/95218067$4http://rdaregistry.info/Elements/w/object/P10061
=240  10$aTwo towers$1http://www.wikidata.org/entity/Q332388$81/c
=740  \\$aTwo towers$81/c
=245  14$aThe two towers :$bbeing the second part of The lord of the rings /$cby J.R.R. Tolkien.
=250  \\$a2nd ed.
=260  \\$aLondon :$bAllen & Unwin,$c1966
=300  \\$a352 p. :$bill., 1 map ;$c23 cm.
=336  \\$atext$2rdacontent$0http://rdaregistry.info/termList/RDAContentType/1020
=337  \\$aunmediated$2rdamedia$0http://rdaregistry.info/termList/RDAMediaType/1007
=338  \\$avolume$2rdacarrier$0http://rdaregistry.info/termList/RDACarrierType/1049
=380  \\$aLanguage-based work$2rdacarrier$0https://schema.nb.no/Bibliographic/Values/V1000
=490  1\$aThe Lord of the rings ;$vv. 2
=758  1\$1http://www.wikidata.org/entity/Q208002$4http://rdaregistry.info/Elements/w/object/P10122
=800  1\$aTolkien, J. R. R.$q(John Ronald Reuel),$d1892-1973.$tThe Lord of the Rings$vv. 2.

