=LDR  01273nam a2200241 a 4500
=001  013171596
=003  UkOxU
=005  20130723092753.0
=008  901114s1955\\\\enkb\\\\\\\\\\000\1\eng\d
=041  \\$aeng
=100  1\$aTolkien, J. R. R.$q(John Ronald Reuel),$d1892-1973.$1http://viaf.org/viaf/95218067$4http://rdaregistry.info/Elements/w/object/P10061
=240  1\$aReturn of the king$1http://www.wikidata.org/entity/Q332581
=245  14$aThe return of the king :$bbeing the third part of The lord of the rings /$cby J.R.R. Tolkien.
=260  \\$aLondon :$bGeorge Allen & Unwin,$c1955.
=300  \\$a416 p. :$bmaps ;$c23 cm.
=336  \\$atext$2rdacontent$0http://rdaregistry.info/termList/RDAContentType/1020
=337  \\$aunmediated$2rdamedia$0http://rdaregistry.info/termList/RDAMediaType/1007
=338  \\$avolume$2rdacarrier$0http://rdaregistry.info/termList/RDACarrierType/1049
=380  \\$aLanguage-based work$2rdacarrier$0https://schema.nb.no/Bibliographic/Values/V1000
=490  1\$aThe lord of the rings ;$vpt. 3
=500  \\$aMap on folded sheet attached to inside cover.
=758  1\$1http://www.wikidata.org/entity/Q332388$4http://rdaregistry.info/Elements/w/object/P10122
=800  1\$aTolkien, J. R. R.$q(John Ronald Reuel),$d1892-1973.$tThe Lord of the Rings$vpt. 3.

