=LDR  01270nam a2200277 a 4500
=001  010289734
=003  UkOxU
=005  20130723092216.0
=008  500101s1966\\\\enkabfh\\\\\\\000\1\eng\d
=010  \\$aLC 67-84547
=020  \\$a0048230472
=041  \\$aeng
=092  \\$aD0400625037
=100  1\$aTolkien, J. R. R.$q(John Ronald Reuel),$d1892-1973.$1http://viaf.org/viaf/95218067$4http://rdaregistry.info/Elements/w/object/P10061
=240  1\$aReturn of the king$1http://www.wikidata.org/entity/Q332581$81/c
=740  \\$aReturn of the king$81/c
=245  14$aThe return of the king :$bbeing the third part of The lord of the rings /$cby J.R.R. Tolkien.
=250  \\$a2nd ed.
=260  \\$aLondon :$bAllen & Unwin,$c1966.
=300  \\$a440 p. :$bill., facsims., table, diagrs. ;$c23 cm.
=336  \\$atext$2rdacontent$0http://rdaregistry.info/termList/RDAContentType/1020
=337  \\$aunmediated$2rdamedia$0http://rdaregistry.info/termList/RDAMediaType/1007
=338  \\$avolume$2rdacarrier$0http://rdaregistry.info/termList/RDACarrierType/1049
=380  \\$aLanguage-based work$2rdacarrier$0https://schema.nb.no/Bibliographic/Values/V1000
=490  1\$aThe Lord of the rings ;$vv.3
=800  1\$aTolkien, J. R. R.$q(John Ronald Reuel),$d1892-1973.$tLord of the rings$vv. 3.

