=LDR  01965nam a22003372  4500
=001  012525966
=003  UkOxU
=005  19980423123237.0
=008  780106r19771954enkab\\\\\\\\\001\1\eng\d
=010  \\$agb 78001763
=041  \\$aeng
=082  0\$a823/.9/1$218
=100  1\$aTolkien, J. R. R.$q(John Ronald Reuel),$d1892-1973.$1http://viaf.org/viaf/95218067$4http://rdaregistry.info/Elements/w/object/P10061
=240  \\$aLord of the rings$1http://www.wikidata.org/entity/Q15228$81/c
=740  \\$aLord of the rings$81/c
=245  14$aThe Lord of the rings /$cJ.R.R. Tolkien ; illustrations by Ingahild Grathmer, drawn by Eric Fraser.
=260  \\$aLondon :$bFolio Society,$c1977.
=300  \\$a3 v. (459 p.; 372 p.; 487 p.) :$bill., maps (on lining papers) ;$c24 cm.
=336  \\$atext$2rdacontent$0http://rdaregistry.info/termList/RDAContentType/1020
=337  \\$aunmediated$2rdamedia$0http://rdaregistry.info/termList/RDAMediaType/1007
=338  \\$avolume$2rdacarrier$0http://rdaregistry.info/termList/RDACarrierType/1049
=380  \\$aLanguage-based work$2rdacarrier$0https://schema.nb.no/Bibliographic/Values/V1000
=500  \\$aIn slip case.
=500  \\$aOriginally published: London : Allen and Unwin, 1954-55.
=500  \\$aIncludes index.
=700  12$aTolkien, J. R. R.$q(John Ronald Reuel),$d1892-1973.$tThe Fellowship of the ring$1http://www.wikidata.org/entity/Q208002
=700  12$aTolkien, J. R. R.$q(John Ronald Reuel),$d1892-1973.$tTwo towers$1http://www.wikidata.org/entity/Q332388
=700  12$aTolkien, J. R. R.$q(John Ronald Reuel),$d1892-1973.$tReturn of the king$1http://www.wikidata.org/entity/Q332581
=700  10$aGrathmer, Ingahild$4ill$4http://rdaregistry.info/Elements/m/object/P30321$1http://viaf.org/viaf/49263415
=700  10$aFraser, Eric$4ill$4http://rdaregistry.info/Elements/m/object/P30321$1http://viaf.org/viaf/35315716
=758  1\$1http://www.wikidata.org/entity/Q74287$4http://rdaregistry.info/Elements/w/object/P10122

