=LDR  01921nam a2200349 a 4500
=001  017177865
=003  UkOxU
=005  20100316223002.0
=008  080404s2006\\\\nyuab\\j\\\\\\000\0\eng\d
=020  \\$a9780261102668 (pbk.) :$c£12.99
=020  \\$a0261102664 (pbk.) :$c£12.99
=038  \\$aOCoLC
=041  \\$aeng
=049  \\$jCU$k72013603372$lo
=082  04$a823.92$222
=090  \\$aBLI$bYK.2009.b.3651
=100  1\$aTolkien, J. R. R.$q(John Ronald Reuel),$d1892-1973.$1http://viaf.org/viaf/95218067$4http://rdaregistry.info/Elements/w/object/P10061
=240  \\$aThe hobbit, or there and back again$1http://www.wikidata.org/entity/Q74287$kNovel$81/c
=740  \\$aThe hobbit, or there and back again$81/c
=245  14$aThe hobbit , or there and back again :$b[an illustrated edition of the fantasy classic] /$cJ.R.R. Tolkien ; illustrated by David Wenzel ; adapted by Charles Dixon with Sean Deming.
=250  \\$aRev ed.
=260  \\$aLondon :$bHarper Collins,$c2006.
=300  \\$a133 p. :$bcol. ill., col. map ;$c26 cm.
=336  \\$aill$2rdacontent$0http://rdaregistry.info/termList/RDAContentType/1014
=336  \\$atext$2rdacontent$0http://rdaregistry.info/termList/RDAContentType/1020
=337  \\$aunmediated$2rdamedia$0http://rdaregistry.info/termList/RDAMediaType/1007
=338  \\$avolume$2rdacarrier$0http://rdaregistry.info/termList/RDACarrierType/1049
=380  \\$aLanguage-based work$2rdacarrier$0https://schema.nb.no/Bibliographic/Values/V1000
=600  10$aBaggins, Bilbo$vComic books, strips, etc.
=700  1\$aDixon, Chuck,$d1954-$1http://viaf.org/viaf/102370266$4http://rdaregistry.info/Elements/e/object/P20330
=700  1\$aWenzel, David,$d1950-$1http://viaf.org/viaf/14887593$4http://rdaregistry.info/Elements/e/object/P20283$4http://rdaregistry.info/Elements/m/object/P30321
=700  1\$aDeming, Sean.$1http://viaf.org/viaf/85751968$4http://rdaregistry.info/Elements/e/object/P20330

