=LDR  01220nam a22002535i 4500
=001  022896191
=003  UkOxU
=005  20220719093036.0
=008  220719t19871987|||\\\\\\\\\\\|||\|\eng\d
=020  \\$a0044400918$qhardback
=041  \\$aeng
=100  1\$aTolkien, J. R. R.$q(John Ronald Reuel),$d1892-1973.$1http://viaf.org/viaf/95218067$4http://rdaregistry.info/Elements/w/object/P10061
=240  \\$aThe hobbit, or there and back again$1http://www.wikidata.org/entity/Q74287$81/c
=740  \\$aThe hobbit, or there and back again$81/c
=245  04$aThe hobbit, or there and back again /$cJ. R. R. Tolkien.
=250  \\$aAnniversary super de luxe edition.
=264  \1$aLondon :$bUnwin Hyman Limited,$c1987.
=264  \4$c© 1987
=300  \\$a1 volume.
=336  \\$atext$2rdacontent$0http://rdaregistry.info/termList/RDAContentType/1020
=337  \\$aunmediated$2rdamedia$0http://rdaregistry.info/termList/RDAMediaType/1007
=338  \\$avolume$2rdacarrier$0http://rdaregistry.info/termList/RDACarrierType/1049
=380  \\$aLanguage-based work$2rdacarrier$0https://schema.nb.no/Bibliographic/Values/V1000
=758  \\$aLord of the rings$1http://www.wikidata.org/entity/Q15228$4http://rdaregistry.info/Elements/w/object/P10020

