=LDR  01697cim a2200301 c 4500
=001  990401966404702202
=005  20221019095019.0
=007  sd\f||||||||||
=008  140911s2003\\\\no#||||\|||||||f#|||nob|\
=020  \\$a8278441634$cNkr 495.00
=041  1\$heng$dnob
=082  74$a823$qNO-OsNB$25/nor
=100  1\$aTolkien, J.R.R.$d1892-1973$0(NO-TrBIB)90056310
=240  1\$aReturn of the king$1http://www.wikidata.org/entity/Q332581$4http://rdaregistry.info/Elements/w/object/P10061$81/c
=245  10$aRingenes herre III :$batter en konge$cJ.R.R. Tolkien ; [oversatt av: Torstein Bugge Høverstad]$h[lydopptak]
=246  1\$aThe return of the king$bbeing the third part of Lord of the rings$iOriginaltittel
=260  \\$aBillingstad$bFono forl.$c2003
=300  \\$a13 plater (CD) (15 t, 45 min)$bdigital$c12 cm, i eske
=336  \\$aspoken word$2rdacontent$0http://rdaregistry.info/termList/RDAContentType/1013
=337  \\$aaudio$2rdamedia$0http://rdaregistry.info/termList/RDAMediaType/1001
=338  \\$aaudio disc$2rdacarrier$0http://rdaregistry.info/termList/RDACarrierType/1004
=380  \\$aLanguage-based work$2rdacarrier$0https://schema.nb.no/Bibliographic/Values/V1000
=500  \\$aFortsettelse av: To tårn
=500  \\$aLest av Anders Ribu
=700  1\$aRibu, Anders$d1956-$emedarb.$0(NO-TrBIB)90524480$1http://viaf.org/viaf/24701800$4http://rdaregistry.info/Elements/e/object/P20022
=700  1\$aHøverstad, Torstein Bugge$4trl$1http://viaf.org/viaf/65245833$4http://rdaregistry.info/Elements/e/object/P20037
=740  0\$aAtter en konge$81/c
=758  \\$aThe return of the king$1http://www.wikidata.org/entity/Q332581/exp/eng/1020$4http://rdaregistry.info/Elements/e/object/P20141

