=LDR  01678cim a2200301 c 4500
=001  990401969504702202
=005  20221019095022.0
=007  sd\f||||||||||
=008  140911s2003\\\\no#||||\|||||||f#|||nob|\
=020  \\$a8278441626$cNkr 625.00
=041  1\$heng$dnob
=082  74$a823$qNO-OsNB$25/nor
=100  1\$aTolkien, J.R.R.$d1892-1973$0(NO-TrBIB)90056310$1http://viaf.org/viaf/95218067$4http://rdaregistry.info/Elements/w/object/P10061
=240  1\$aTwo towers$1http://www.wikidata.org/entity/Q332388$81/c
=245  10$aRingenes herre II :$bto tårn$cJ.R.R. Tolkien ; [oversatt av Torstein Bugge Høverstad]$h[lydopptak]
=246  1\$aThe two towers : being the second part of The lord of the rings$iOriginaltittel
=260  \\$aBillingstad$bFono forl.$c2003
=300  \\$a15 plater (CD) (17 t, 20 min)$bdigital$c12 cm, i eske
=336  \\$aspoken word$2rdacontent$0http://rdaregistry.info/termList/RDAContentType/1013
=337  \\$aaudio$2rdamedia$0http://rdaregistry.info/termList/RDAMediaType/1001
=338  \\$aaudio disc$2rdacarrier$0http://rdaregistry.info/termList/RDACarrierType/1004
=380  \\$aLanguage-based work$2rdacarrier$0https://schema.nb.no/Bibliographic/Values/V1000
=500  \\$aLest av Anders Ribu
=700  1\$aRibu, Anders$d1956-$emedarb.$0(NO-TrBIB)90524480$1http://viaf.org/viaf/24701800$4http://rdaregistry.info/Elements/e/object/P20022
=700  1\$aHøverstad, Torstein Bugge$4trl$1http://viaf.org/viaf/65245833$4http://rdaregistry.info/Elements/e/object/P20037
=740  0\$a2 tårn
=740  0\$aTo tårn$81/c
=758  \\$aThe two towers$1http://www.wikidata.org/entity/Q332388/exp/eng/1020$4http://rdaregistry.info/Elements/e/object/P20141

