=LDR  02482cam a2200421 c 4500
=001  990009883754702202
=005  20230227134133.0
=007  ta
=008  150918s1999\\\\no#|||||||||||000|1|nob|\
=020  \\$a8210044478$qib.$cNkr 249.00
=041  1\$heng
=082  74$a823$qNO-OsNB$24/nor
=100  1\$aTolkien, J.R.R.$d1892-1973$0(NO-TrBIB)90056310$1http://viaf.org/viaf/95218067$4http://rdaregistry.info/Elements/w/object/P10061
=240  10$aLord of the rings$1http://www.wikidata.org/entity/Q15228$84/c
=245  10$aRingenes herre$cav J.R.R. Tolkien ; til norsk ved Torstein Bugge Høverstad
=246  1\$aLord of the rings$iOriginaltittel
=250  \\$a5. utg.
=260  \\$a[Oslo]$bTiden$c1999
=300  \\$a1095 s.$bkart
=336  \\$atext$2rdacontent$0http://rdaregistry.info/termList/RDAContentType/1020
=337  \\$aunmediated$2rdamedia$0http://rdaregistry.info/termList/RDAMediaType/1007
=338  \\$avolume$2rdacarrier$0http://rdaregistry.info/termList/RDACarrierType/1049
=380  \\$aLanguage-based work$2rdacarrier$0https://schema.nb.no/Bibliographic/Values/V1000
=500  \\$a1. norske utg. Oslo : Tiden, 1973-1975 i 3 b. med tittel: Krigen om ringen
=505  0\$aRingens brorskap -- To tårn -- Atter en konge
=700  1\$aHøverstad, Torstein Bugge$4trl$1http://viaf.org/viaf/65245833$4http://rdaregistry.info/Elements/e/object/P20037
=700  12$aTolkien, J. R. R.$q(John Ronald Reuel),$d1892-1973.$tFellowship of the ring$1http://www.wikidata.org/entity/Q208002$81/c
=700  12$aTolkien, J. R. R.$q(John Ronald Reuel),$d1892-1973.$tTwo towers$1http://www.wikidata.org/entity/Q332388$82/c
=700  12$aTolkien, J. R. R.$q(John Ronald Reuel),$d1892-1973.$tReturn of the king$83/c$1http://www.wikidata.org/entity/Q332581
=740  0\$a2 tårn
=740  0\$aAtter en konge$83/c
=740  0\$aRingenes herre$84/c
=740  0\$aRingens brorskap$81/c
=740  0\$aTo tårn$82/c
=758  \\$aFellowship of the ring$1http://www.wikidata.org/entity/Q208002/exp/eng/1020$4http://rdaregistry.info/Elements/e/object/P20141$81/c
=758  \\$aTwo towers$1http://www.wikidata.org/entity/Q332388/exp/eng/1020$4http://rdaregistry.info/Elements/e/object/P20141$82/c
=758  \\$aReturn of the king$1http://www.wikidata.org/entity/Q332581/exp/eng/1020$4http://rdaregistry.info/Elements/e/object/P20141$83/c
=758  \\$aThe lord of the rings$1http://www.wikidata.org/entity/Q15228/exp/eng/1020$4http://rdaregistry.info/Elements/e/object/P20141$84/c

