=LDR  01805cim a2200349 c 4500
=001  990513562284702202
=005  20230303124922.0
=007  sd\f||||||||||
=008  151023s2005\no#||||\|||||||||||||||nob|\
=020  \\$a8278441960$qFono
=020  \\$a9788278441961$c349.00$qAller
=041  1\$anob$heng$dnob
=080  \\$a820
=082  74$a823$qNO-OsNB$25/nor
=100  1\$aTolkien, J.R.R.$d1892-1973$0(NO-TrBIB)90056310
=240  \\$aThe hobbit, or there and back again$1http://www.wikidata.org/entity/Q74287$81/c
=740  \\$aHobbiten$81/c
=245  10$aHobbiten$cJ.R.R. Tolkien ; [oversatt av: Finn Åsen, Oddrun Grønnvik]$h[lydopptak]
=246  1\$aThe hobbit$iOriginaltittel
=260  \\$aBillingstad$bFono forl.$c2005
=300  \\$a8 plater (CD) (10 t)$bdigital$c12 cm, i eske
=336  \\$aspoken word$2rdacontent$0http://rdaregistry.info/termList/RDAContentType/1013
=337  \\$aaudio$2rdamedia$0http://rdaregistry.info/termList/RDAMediaType/1001
=338  \\$aaudio disc$2rdacarrier$0http://rdaregistry.info/termList/RDACarrierType/1004
=380  \\$aLanguage-based work$2rdacarrier$0https://schema.nb.no/Bibliographic/Values/V1000
=500  \\$a1. norske lydbokutg. 1995
=500  \\$aLest av: Knut Røe
=500  \\$aNytt oppl. med 13-sifret ISBN utgitt av Aller forlag
=700  1\$aÅsen, Finn$4trl$4http://rdaregistry.info/Elements/e/object/P20037$1http://www.example.com/aasenfinn
=700  1\$aGrønnvik, Oddrun$4trl$4http://rdaregistry.info/Elements/e/object/P20037$1http://viaf.org/viaf/1169314213724530007
=700  1\$aRøe, Knut$d1949-$emedarb.$0(NO-TrBIB)90088212$1http://viaf.org/viaf/224621493$4http://rdaregistry.info/Elements/e/object/P20022
=758  \\$aThe Hobbit$1http://www.wikidata.org/entity/Q74287/exp/eng/1020$4http://rdaregistry.info/Elements/e/object/P20141

