=LDR  01705cam a2200361 c 4500
=001  990908680484702202
=005  20230531173902.0
=007  cr||||||||||||
=007  ta
=008  150129s2008\no#||||j\|||||000||||f|nno|\
=020  \\$a9788210050381$qib.$cNkr 349.00
=041  1\$heng
=080  \\$a820
=082  04$a820s$221
=082  74$a823$qNO-OsNB$25/nor
=100  1\$aTolkien, J.R.R.$d1892-1973$0(NO-TrBIB)90056310
=240  \\$aThe hobbit, or there and back again$1http://www.wikidata.org/entity/Q74287$81/c
=740  \\$aHobbiten, eller Ditut og attende$81/c
=245  10$aHobbiten, eller Ditut og attende$cJ.R.R. Tolkien ; omsett frå engelsk av Eilev Groven Myhren
=246  1\$aThe Hobbit, or There and back again$iOriginaltittel
=260  \\$aOslo$bTiden$c2008
=300  \\$a267 s.
=336  \\$atext$2rdacontent$0http://rdaregistry.info/termList/RDAContentType/1020
=337  \\$aunmediated$2rdamedia$0http://rdaregistry.info/termList/RDAMediaType/1007
=338  \\$avolume$2rdacarrier$0http://rdaregistry.info/termList/RDACarrierType/1049
=380  \\$aLanguage-based work$2rdacarrier$0https://schema.nb.no/Bibliographic/Values/V1000
=500  \\$a1. norske utg. 1972
=500  \\$aPå omslag: Nynorsk
=700  1\$aEngelsen, Janniche$d1958-$4bjd$0(NO-TrBIB)10048270$1http://viaf.org/viaf/223273427$4http://rdaregistry.info/Elements/m/object/P30069
=700  1\$aMyhren, Eilev Groven$d1973-$eovers.$4trl$4http://rdaregistry.info/Elements/e/object/P20037$0(NO-TrBIB)1007721$1http://viaf.org/viaf/267471594
=740  0\$aDitut og attende
=740  0\$aHobbiten
=758  \\$aThe Hobbit$1http://www.wikidata.org/entity/Q74287/exp/eng/1020$4http://rdaregistry.info/Elements/e/object/P20141

