=LDR  01673cam a2200349 c 4500
=001  991147332364702202
=005  20230531204330.0
=007  cr||||||||||||
=007  ta
=008  140911s2011\no#|||||\|||||000|f|nob|\
=020  \\$a9788210051197$qib.$cNkr 499.00
=041  1\$anob$heng
=080  \\$a820
=082  04$a820$223
=082  74$a823$qNO-OsNB$25/nor
=100  1\$aTolkien, J.R.R.$d1892-1973$0(NO-TrBIB)90056310
=240  \\$aThe hobbit, or there and back again$1http://www.wikidata.org/entity/Q74287$81/c
=740  \\$aHobbiten, eller Fram og tilbake igjen$81/c
=245  10$aHobbiten, eller Fram og tilbake igjen$cJ.R.R. Tolkien ; illustrert av Alan Lee ; oversatt av Nils Ivar                 Agøy
=246  1\$aThe hobbit$iOriginaltittel
=250  \\$a7. utg.
=260  \\$a[Oslo]$bTiden$c2011
=300  \\$a293 s.$bill.
=336  \\$atext$2rdacontent$0http://rdaregistry.info/termList/RDAContentType/1020
=337  \\$aunmediated$2rdamedia$0http://rdaregistry.info/termList/RDAMediaType/1007
=338  \\$avolume$2rdacarrier$0http://rdaregistry.info/termList/RDACarrierType/1049
=380  \\$aLanguage-based work$2rdacarrier$0https://schema.nb.no/Bibliographic/Values/V1000
=500  \\$a1. norske utg. 1972
=700  1\$aAgøy, Nils Ivar$d1959-$4trl$4http://rdaregistry.info/Elements/e/object/P20037$0(NO-TrBIB)90202784$1http://viaf.org/viaf/9349441
=700  1\$aLee, Alan.$d1947-$4ill$0(NO-TrBIB)90705124$1http://viaf.org/viaf/112458453$4http://rdaregistry.info/Elements/m/object/P30321
=740  4\$aThe illustrated Hobbit
=758  \\$aThe Hobbit$1http://www.wikidata.org/entity/Q74287/exp/eng/1020$4http://rdaregistry.info/Elements/e/object/P20141

