=LDR  02239nam a2200397 i 4500
=001  019684439
=003  UkOxU
=005  20140408150605.0
=008  140403r20021997enkab\\\\\\\\\001\0\eng\d
=020  \\$z9780261102231$qinvalid$qpaperback
=040  \\$beng$erda$dUkOxU
=043  \\$ae-uk-en
=100  1\$aTolkien, J. R. R.$q(John Ronald Reuel),$d1892-1973,$eauthor.$1http://viaf.org/viaf/95218067$4http://rdaregistry.info/Elements/w/object/P10061
=240  14$aThe war of the ring /$kNovel$1http://www.wikidata.org/entity/Q503325
=245  14$aThe war of the ring /$cJ.R.R. Tolkien ; edited by Christopher Tolkien.
=250  \\$a[New] paperback edition.
=264  \1$aLondon :$bHarperCollins Publishers,$c2002.
=264  \4$c©1990
=300  \\$axi, 476 pages :$billustrations, maps ;$c20 cm
=336  \\$atext$2rdacontent$0http://rdaregistry.info/termList/RDAContentType/1020
=337  \\$aunmediated$2rdamedia$0http://rdaregistry.info/termList/RDAMediaType/1007
=338  \\$avolume$2rdacarrier$0http://rdaregistry.info/termList/RDACarrierType/1049
=380  \\$aLanguage-based work$2rdacarrier$0https://schema.nb.no/Bibliographic/Values/V1000
=490  1\$aThe history of the Lord of the rings ;$vpart 3
=490  1\$aThe history of Middle-earth ;$v8
=500  \\$a"This paperback edition 2002." --Title page verso.
=500  \\$aFirst published in Great Britain: London, Unwin Hyman, 1990. Previously published in paperback by Grafton 1992. First published in paperback by HarperCollins Publishers 1997.
=500  \\$aAlso issued as part of a 4 volumes set in slip-case with slip-case title: The history of the Lord of the rings.
=500  \\$aIncludes index.
=500  \\$aISBN is of 1992 Grafton edition.
=600  10$aTolkien, J. R. R.$q(John Ronald Reuel),$d1892-1973.$tLord of the rings$xCriticism, Textual.$1http://www.wikidata.org/entity/Q15228
=650  \0$aMiddle Earth (Imaginary place).
=700  1\$aTolkien, Christopher.$1http://viaf.org/viaf/12315790$4http://rdaregistry.info/Elements/w/object/P10055 
=800  1\$aTolkien, Christopher.$tHistory of The lord of the rings (HarperCollins (Firm)) ;$v3.
=800  1\$aTolkien, Christopher.$tHistory of Middle-Earth ;$v8.
=852  8\$aUkOxU$bOUSNU$cOUSPR$hEF.TOL

