=LDR  01646nam a2200265 a 4500
=001  010500772
=003  UkOxU
=005  19960513052415.0
=008  911024r19891987enk\\\\\\\\\\\000\0\eng\d
=020  \\$a0044403984
=035  \\$aoxf98605492
=092  \\$aD0401000192
=100  1\$aTolkien, J. R. R.$q(John Ronald Reuel),$d1892-1973,$eauthor.$1http://viaf.org/viaf/95218067$4http://rdaregistry.info/Elements/w/object/P10061
=240  14$aThe lost road and other writings : language and legend before 'The Lord of the Rings'$kNovel$1J.R.R. Tolkien ; edited by Christopher Tolkien.
=245  14$aThe lost road and other writings :$blanguage and legend before 'The Lord of the Rings' /$cJ.R.R. Tolkien ; edited by Christopher Tolkien
=260  \\$aLondon :$bUnwin Paperbacks,$c1989
=300  \\$a455 p. :$bmaps ;$c20 cm
=336  \\$atext$2rdacontent$0http://rdaregistry.info/termList/RDAContentType/1020
=337  \\$aunmediated$2rdamedia$0http://rdaregistry.info/termList/RDAMediaType/1007
=338  \\$avolume$2rdacarrier$0http://rdaregistry.info/termList/RDACarrierType/1049
=380  \\$aLanguage-based work$2rdacarrier$0https://schema.nb.no/Bibliographic/Values/V1000
=505  0\$aPart one : The Fall of Numenor and The lost road -- Part two : Valinor and Middle Earth before The lord of the rings -- Part three : The etymologies
=600  10$aTolkien, J. R. R.$q(John Ronald Reuel),$d1892-1973.$tLord of the rings$xCriticism, Textual.$1http://www.wikidata.org/entity/Q15228
=700  1\$aTolkien, Christopher.$1http://viaf.org/viaf/12315790$4http://rdaregistry.info/Elements/w/object/P10055 
=852  8\$aUkOxU$bBODBL$hX92.G00149$m(Box B000000002018)

